@IEEEtranBSTCTL{bstctl:etal,
  CTLuse_forced_etal = {yes},
  CTLmax_names_forced_etal = {3},
}

@IEEEtranBSTCTL{bstctl:nodash,
  CTLdash_repeated_names = {no},
}

@IEEEtranBSTCTL{bstctl:simpurl,
  CTLname_url_prefix = {Available: },
}

@misc{alexa,
url = "http://www.alexa.com/topsites",
title = "The top 500 sites on the web",
organization = "Alexa"
}

@unpublished{openwpm,
author = "Steven Englehardt and Christian Eubank and Peter Zimmerman and Dillon Reisman and Arvind Narayanan",
title = "{Web Privacy Measurement: Scientific principles, engineering platform, and new results}",
year = "2014"
}

@inproceedings{appinspect,
author = "Markus Huber and Martin Mulazzani and Sebastian Schrittwieser and Edgar Weippl",
title = "{AppInspect: Large-scale Evaluation of Social Networking Apps}",
booktitle = "COSN '13 Proceedings of the First ACM Conference on Online Social Networks",
year = "2013",
publisher = "ACM",
}

@inproceedings{egelman,
title = "{My profile is my password, verify me!: The privacy/convenience tradeoff of Facebook Connect}",
author = "Serge Egelman",
booktitle = "CHI '13 Proceedings of the SIGCHI Conference on Human Factors in Computing Systems",
year = "2013",
publisher = "ACM",
}

@inproceedings{openidsecurity,
title = "{Security Analysis of OpenID}",
author = "Pavol Sovis and Florian Kohlar and J{\"o}rg Schwenk",
booktitle = "Securing Electronic Business Processes - Highlights of the Information Security Solutions Europe 2010 Conference",
year = "2010"
}

@inproceedings{devildetails,
title = "{The Devil is in the (Implementation) Details: An Empirical Analysis of OAuth SSO Systems}",
author = "San-Tsai Sun and Konstantin Beznosov",
booktitle = "Proceedings of ACM Conference on Computer and Communications Security '12",
publisher = "LERSSE",
month = "October",
year = "2012"
}

@InProceedings{ sun10,
	title = "{A Billion Keys, but Few Locks: The Crisis of Web Single Sign-On}",
	author = "San-Tsai Sun and Yazan Boshmaf and Kirstie Hawkey and Konstantin Beznosov",
	publisher = "ACM",
	location = "Concord, Massachusetts, USA",
	year = "2010",
	isbn = "978-1-4503-0415-3",
	keywords = "authentication, infocard, openid, web identity management, web single sign-on",
	booktitle = "{NSPW '10: Proceedings of the 2010 New Security Paradigms Workshop}",
	acmid = "1900556",
	numpages = "12"
}

@inproceedings{chaabane,
    title = "{A Closer Look at Third-Party OSN Applications: Are They Leaking Your Personal Information?}",
    author = "Abdelberi Chaabane and Yuan Ding and Ratan Dey and Mohamed Ali Kaafar and Keith W Ross",
    booktitle = "Passive and Active Measurement Conference (2014)",
    publisher = "Springer",
    address = "Los Angeles",
    year = "2014",
    month = "March",
}

@inproceedings{miningpermissions,
title = "{Mining Permission Request Patterns from Android and Facebook Applications}",
author = "Mario Frank and Ben Dong and Adrienne Porter Felt and Dawn Song",
booktitle = "The 12th IEEE International Conference on Data Mining",
year = "2012",
publisher = "IEEE"
}

@inproceedings{isappsafe,
title = "{Is This App Safe?: A Large Scale Study on Application Permissions and Risk Signals}",
author = "Pern Hui Chia and Yusuke Yamamoto and N. Asokan",
booktitle = "WWW '12 Proceedings of the 21st International Conference on the World Wide Web",
year = "2012",
month = "April",
publisher = "ACM"
}

@inproceedings{frappe,
title = "{FRAppE: Detecting Malicious Facebook Applications}",
author = "Md Sazzadur Rahman and Ting-Kai Huang and Harsha V. Madhy and Michalis Faloutsos",
booktitle = "CoNEXT '12 Proceedings of the 8th International Conference on Emerging Networking Experiments and Technologies",
year = "2012",
publisher = "ACM"
}

@article{ssoperspective,
title = "{Investigating User's Perspective of Web Single Sign-On: Conceptual Gaps, Alternative Design and Acceptance Model}",
author = "San-Tsai Sun and Eric Pospisil and Ildar Muslukhov and Nuray Dindar and Kirstie Hawkey and Konstantin Beznosov",
journal = "ACM Transactions on Internet Technology",
year = "2013",
publisher = "ACM"
}

@article{contextual-integrity,
  title={Privacy as contextual integrity},
  author={Nissenbaum, Helen},
  journal={Washington Law Review},
  volume={79},
  year={2004},
  publisher={HeinOnline}
}

@misc{fb-connect-announce,
  title = "{Announcing Facebook Connect}",
  author = "Dave Morin",
  howpublished = "Facebook Blog",
  month = "May",
  year = "2008",
}

@misc{writeseparate,
url = "http://www.insidefacebook.com/2013/08/22/login-with-facebook-update-apps-must-now-separately-request-permission-to-post-on-behalf-of-users/",
title = "Login with Facebook update: Apps must now separately request permission to post on behalf of users",
author = "David Cohen",
publisher = "Inside Facebook",
month = "August",
year = "2013",
}

@misc{irishaudit,
url = "http://dataprotection.ie/docs/21/12/11_-_Report_of_Data_Protection_Audit_of_Facebook_Irela/1182.htm",
title = "{Report of Data Protection Audit of Facebook Ireland}",
organization = "Ireland Data Protection Commissioner",
month = "December",
year = "2011"
}

@misc{fbdocs,
title = "{Facebook Developer Reference---Facebook Login}",
organization = "Facebook",
howpublished="\url{https://developers.facebook.com/docs/facebook-login/}",
year = "2014"
}

@misc{fbexample,
title = "{Facebook Developer Reference---Getting Started with Custom Stories}",
howpublished="\url{https://developers.facebook.com/docs/opengraph/getting-started/}",
year = "2014"
}

@misc{fboverview,
title = "{Facebook Developer Reference---Facebook Login Overview}",
organization = "Facebook",
howpublished="\url{https://developers.facebook.com/docs/facebook-login/overview}",
year = "2014"
}

@misc{fbpermsinstructions,
title = "{Facebook Developer Reference---Permissions with Facebook Login}",
organization = "Facebook",
howpublished="\url{https://developers.facebook.com/docs/facebook-login/permissions}",
year = "2014"
}

@misc{fbpermissions,
title = "{Facebook Developer Reference---Permissions}",
organization = "Facebook",
howpublished="\url{https://developers.facebook.com/docs/reference/fql/permissions/}",
year = "2014"
}

@misc{publishperms,
title = "{Streamlining publish\_stream and publish\_actions permissions}",
organization = "Facebook",
author = "Lu Chen",
howpublished = "Facebook Blog",
url = "https://developers.facebook.com/blog/post/2012/04/25/streamlining-publish_stream-and-publish_actions-permissions/",
month = "April",
year = "2012"
}

@misc{clarity,
title = "Providing People Greater Clarity and Control",
organization = "Facebook",
author = "Alex Wyler",
month = "December",
year = "2012",
howpublished = "Facebook Blog",
url = "https://developers.facebook.com/blog/post/2012/12/12/providing-people-greater-clarity-and-control/"
}

@misc{fbprivacyfaq,
title = "{Facebook Developer Reference---Privacy for Apps \& Websites}",
organization = "Facebook",
howpublished="\url{https://www.facebook.com/help/403786193017893}",
year = "2014"
}

@misc{fbapi,
title = "{Facebook Developer Reference---Graph API Reference}",
organization = "Facebook",
howpublished="\url{https://developers.facebook.com/docs/graph-api/reference/}",
year = "2014"
}

@manual{twitterdocs,
title = "Sign in with Twitter",
organization = "Twitter",
howpublished="\url{https://dev.twitter.com/docs/auth/sign-twitter}"
}

@manual{googledocs,
title = "Using OAuth 2.0 for Login",
organization = "Google",
howpublished="\url{https://developers.google.com/accounts/docs/OAuth2Login}",
month = "March",
year = "2014"
}

@misc{fbpolicy,
title = "{Facebook Developer Reference---Platform Policy}",
organization = "Facebook",
howpublished="\url{https://developers.facebook.com/policy/}",
year = "2014"
}

@misc{fbsecurity,
note = "Personal correspondence with Facebook Security representative (Neal), April 2014"
}

@misc{newlogin,
title = "{The New Facebook Login and Graph API 2.0}",
year = "2014",
month = "April",
author = "Jeffrey Spehar",
url = "https://developers.facebook.com/blog/post/2014/04/30/the-new-facebook-login",
howpublished = "Facebook Blog",
organization = "Facebook"
}

@article{mturkreliability,
title = "{Data Collection in a Flat World: The Strengths and Weaknesses of Mechanical Turk Samples}",
author = "Joseph K. Goodman and Cynthia E. Cryder and Amar Cheema",
journal = "Behavioral Decision Making",
year = "2013",
volume = "26",
number = "3",
pages = "213-224"
}

@inproceedings{BP09,
	title={{The Privacy Jungle: On the Market for Privacy in Social Networks}},
	url="http://www.jbonneau.com/doc/BP09-WEIS-privacy_jungle.pdf",
	booktitle="WEIS '09: Proceedings of the 8\textsuperscript{th} Workshop on the Economics of Information Security",
	author="Joseph Bonneau and S{\"{o}}ren Preibusch",
	month="June",
	location="London, UK",
	year="2009",
}
